%article


@inproceedings{glorot,
	title={Understanding the difficulty of training deep feedforward neural networks},
	author={Glorot, Xavier and Bengio, Yoshua},
	booktitle={Proceedings of the thirteenth international conference on artificial intelligence and statistics},
	pages={249--256},
	year={2010}
}


@inproceedings{he,
	title={Delving deep into rectifiers: Surpassing human-level performance on imagenet classification},
	author={He, Kaiming and Zhang, Xiangyu and Ren, Shaoqing and Sun, Jian},
	booktitle={Proceedings of the IEEE international conference on computer vision},
	pages={1026--1034},
	year={2015}
}

@article{rnnrelu,
	title={A simple way to initialize recurrent networks of rectified linear units},
	author={Le, Quoc V and Jaitly, Navdeep and Hinton, Geoffrey E},
	journal={arXiv preprint arXiv:1504.00941},
	year={2015}
}


@article{rnnrelu2,
	title={Improving performance of recurrent neural network with relu nonlinearity},
	author={Talathi, Sachin S and Vartak, Aniket},
	journal={arXiv preprint arXiv:1511.03771},
	year={2015}
}



@incollection{lecun,
	title={Efficient backprop},
	author={LeCun, Yann A and Bottou, L{\'e}on and Orr, Genevieve B and M{\"u}ller, Klaus-Robert},
	booktitle={Neural networks: Tricks of the trade},
	pages={9--48},
	year={2012},
	publisher={Springer}
}


@article{orthogonal,
	title={Exact solutions to the nonlinear dynamics of learning in deep linear neural networks},
	author={Saxe, Andrew M and McClelland, James L and Ganguli, Surya},
	journal={arXiv preprint arXiv:1312.6120},
	year={2013}
}

@incollection{rbm,
	title={A practical guide to training restricted Boltzmann machines},
	author={Hinton, Geoffrey E},
	booktitle={Neural networks: Tricks of the trade},
	pages={599--619},
	year={2012},
	publisher={Springer}
}

